@inproceedings{dtour_Ritchie_UIST_2011,
 author = {Ritchie, Daniel and Kejriwal, Ankita Arvind and Klemmer, Scott R.},
 title = {D.Tour: Style-based Exploration of Design Example Galleries},
 booktitle = {Proceedings of the 24th Annual ACM Symposium on User Interface Software and Technology},
 series = {UIST '11},
 year = {2011},
 isbn = {978-1-4503-0716-1},
 location = {Santa Barbara, California, USA},
 pages = {165--174},
 numpages = {10},
 url = {http://doi.acm.org/10.1145/2047196.2047216},
 doi = {10.1145/2047196.2047216},
 acmid = {2047216},
 publisher = {ACM},
 address = {New York, NY, USA},
 keywords = {design, examples, search},
} 

@inproceedings{showMeHow_Ramesh_UIST_2011,
 author = {Ramesh, Vidya and Hsu, Charlie and Agrawala, Maneesh and Hartmann, Bj\"{o}rn},
 title = {ShowMeHow: Translating User Interface Instructions Between Applications},
 booktitle = {Proceedings of the 24th Annual ACM Symposium on User Interface Software and Technology},
 series = {UIST '11},
 year = {2011},
 isbn = {978-1-4503-0716-1},
 location = {Santa Barbara, California, USA},
 pages = {127--134},
 numpages = {8},
 url = {http://doi.acm.org/10.1145/2047196.2047212},
 doi = {10.1145/2047196.2047212},
 acmid = {2047212},
 publisher = {ACM},
 address = {New York, NY, USA},
 keywords = {instructions, mapping, translation, tutorials},
} 

@inproceedings{interactive_example_galleries_Lee_CHI_2010,
 author = {Lee, Brian and Srivastava, Savil and Kumar, Ranjitha and Brafman, Ronen and Klemmer, Scott R.},
 title = {Designing with Interactive Example Galleries},
 booktitle = {Proceedings of the SIGCHI Conference on Human Factors in Computing Systems},
 series = {CHI '10},
 year = {2010},
 isbn = {978-1-60558-929-9},
 location = {Atlanta, Georgia, USA},
 pages = {2257--2266},
 numpages = {10},
 url = {http://doi.acm.org/10.1145/1753326.1753667},
 doi = {10.1145/1753326.1753667},
 acmid = {1753667},
 publisher = {ACM},
 address = {New York, NY, USA},
 keywords = {design thinking, examples},
} 

@inproceedings{designGalleries_mitsubishi_Marks_SIGGRAPH_1997,
 author = {Marks, J. and Andalman, B. and Beardsley, P. A. and Freeman, W. and Gibson, S. and Hodgins, J. and Kang, T. and Mirtich, B. and Pfister, H. and Ruml, W. and Ryall, K. and Seims, J. and Shieber, S.},
 title = {Design Galleries: A General Approach to Setting Parameters for Computer Graphics and Animation},
 booktitle = {Proceedings of the 24th Annual Conference on Computer Graphics and Interactive Techniques},
 series = {SIGGRAPH '97},
 year = {1997},
 isbn = {0-89791-896-7},
 pages = {389--400},
 numpages = {12},
 url = {https://doi.org/10.1145/258734.258887},
 doi = {10.1145/258734.258887},
 acmid = {258887},
 publisher = {ACM Press/Addison-Wesley Publishing Co.},
 address = {New York, NY, USA},
 keywords = {animation, computer-aided design, image rendering, lighting, motion synthesis, particle systems, physical modeling, visualization, volume rendering},
} 

@inproceedings{Webzeitgeist_Kumar_CHI_2013,
 author = {Kumar, Ranjitha and Satyanarayan, Arvind and Torres, Cesar and Lim, Maxine and Ahmad, Salman and Klemmer, Scott R. and Talton, Jerry O.},
 title = {Webzeitgeist: Design Mining the Web},
 booktitle = {Proceedings of the SIGCHI Conference on Human Factors in Computing Systems},
 series = {CHI '13},
 year = {2013},
 isbn = {978-1-4503-1899-0},
 location = {Paris, France},
 pages = {3083--3092},
 numpages = {10},
 url = {http://doi.acm.org/10.1145/2470654.2466420},
 doi = {10.1145/2470654.2466420},
 acmid = {2466420},
 publisher = {ACM},
 address = {New York, NY, USA},
 keywords = {data mining, web design},
} 

@ARTICLE{learning_layouts_single_page_design_o_donovan_IEEE_2014, 
author={P. Oâ€™Donovan and A. Agarwala and A. Hertzmann}, 
journal={IEEE Transactions on Visualization and Computer Graphics}, 
title={Learning Layouts for Single-PageGraphic Designs}, 
year={2014}, 
volume={20}, 
number={8}, 
pages={1200-1213}, 
keywords={computer graphics;optimisation;NIO;alignment detection;crowdsourcing;design principles;energy-based model;graphic design layouts;hierarchical segmentation;learning layouts;model parameters;nonlinear inverse optimization;novice designers;perceived importance prediction;single-page graphic designs;Algorithm design and analysis;Computational modeling;Face;Layout;Optimization;Predictive models;Graphic design;crowdsourcing;layout;learning;modeling;nonlinear inverse optimization}, 
doi={10.1109/TVCG.2014.48}, 
ISSN={1077-2626}, 
month={Aug},}

@article{adaptiveGridBasedLayout_Jacobs_SIGGRAPH_2003,
 author = {Jacobs, Charles and Li, Wilmot and Schrier, Evan and Bargeron, David and Salesin, David},
 title = {Adaptive Grid-based Document Layout},
 journal = {ACM Trans. Graph.},
 issue_date = {July 2003},
 volume = {22},
 number = {3},
 month = jul,
 year = {2003},
 issn = {0730-0301},
 pages = {838--847},
 numpages = {10},
 url = {http://doi.acm.org/10.1145/882262.882353},
 doi = {10.1145/882262.882353},
 acmid = {882353},
 publisher = {ACM},
 address = {New York, NY, USA},
 keywords = {CSS, HTML, PDF, XML, XSL, adaptive layout, constraints, dynamic programming, pagination, templates},
} 

@inproceedings{probabilistic_auto_document_composition_Damera_Venkata_DocEng_2011,
 author = {Damera-Venkata, Niranjan and Bento, Jos{\'e} and O'Brien-Strain, Eamonn},
 title = {Probabilistic Document Model for Automated Document Composition},
 booktitle = {Proceedings of the 11th ACM Symposium on Document Engineering},
 series = {DocEng '11},
 year = {2011},
 isbn = {978-1-4503-0863-2},
 location = {Mountain View, California, USA},
 pages = {3--12},
 numpages = {10},
 url = {http://doi.acm.org/10.1145/2034691.2034695},
 doi = {10.1145/2034691.2034695},
 acmid = {2034695},
 publisher = {ACM},
 address = {New York, NY, USA},
 keywords = {automated publishing, layout synthesis, variable templates},
} 

@inproceedings{review_automatic_docu_formatting_Hurst_DocEng_2009,
 author = {Hurst, Nathan and Li, Wilmot and Marriott, Kim},
 title = {Review of Automatic Document Formatting},
 booktitle = {Proceedings of the 9th ACM Symposium on Document Engineering},
 series = {DocEng '09},
 year = {2009},
 isbn = {978-1-60558-575-8},
 location = {Munich, Germany},
 pages = {99--108},
 numpages = {10},
 url = {http://doi.acm.org/10.1145/1600193.1600217},
 doi = {10.1145/1600193.1600217},
 acmid = {1600217},
 publisher = {ACM},
 address = {New York, NY, USA},
 keywords = {adaptive layout, optimization techniques, typography},
} 

@phdthesis {mining_mobile_applications_alharbi_phdthesis_2016,
   title    = {A Deep and Longitudinal Approach to Mining Mobile Applications},
    school   = {University of Colorado - Boulder},
    author   = {Alharbi, Khalid Ahmed},
    year     = {2016}, 
}

@inproceedings{learning_on_web_design_Satyanarayan_CHI_2012,
 author = {Satyanarayan, Arvind and Lim, Maxine and Klemmer, Scott},
 title = {A Platform for Large-scale Machine Learning on Web Design},
 booktitle = {CHI '12 Extended Abstracts on Human Factors in Computing Systems},
 series = {CHI EA '12},
 year = {2012},
 isbn = {978-1-4503-1016-1},
 location = {Austin, Texas, USA},
 pages = {1697--1702},
 numpages = {6},
 url = {http://doi.acm.org/10.1145/2212776.2223695},
 doi = {10.1145/2212776.2223695},
 acmid = {2223695},
 publisher = {ACM},
 address = {New York, NY, USA},
 keywords = {examples, machine learning., web design},
} 

@inproceedings{webcrystal_Chang_CHI_2012,
 author = {Chang, Kerry Shih-Ping and Myers, Brad A.},
 title = {WebCrystal: Understanding and Reusing Examples in Web Authoring},
 booktitle = {Proceedings of the SIGCHI Conference on Human Factors in Computing Systems},
 series = {CHI '12},
 year = {2012},
 isbn = {978-1-4503-1015-4},
 location = {Austin, Texas, USA},
 pages = {3205--3214},
 numpages = {10},
 url = {http://doi.acm.org/10.1145/2207676.2208740},
 doi = {10.1145/2207676.2208740},
 acmid = {2208740},
 publisher = {ACM},
 address = {New York, NY, USA},
 keywords = {examples, web authoring},
} 

@INPROCEEDINGS{firecrystal_oney_ieee_2013, 
author={S. Oney and B. Myers}, 
booktitle={2009 IEEE Symposium on Visual Languages and Human-Centric Computing (VL/HCC)}, 
title={FireCrystal: Understanding interactive behaviors in dynamic web pages}, 
year={2009}, 
volume={}, 
number={}, 
pages={105-108}, 
keywords={Internet;human factors;online front-ends;program debugging;user interfaces;FireCrystal;Firefox extension;Web page user interface;code debugging;dynamic Web pages;execution timeline;interactive behavior understanding;Cascading style sheets;Debugging;Formal languages;HTML;Internet;Java;Mice;Programming profession;Web page design;Web pages}, 
doi={10.1109/VLHCC.2009.5295287}, 
ISSN={1943-6092}, 
month={Sept},
}
@mastersthesis{copystyler_fitzgerald_mastersthesis_2008, 
 author="Fitzgerald, Michael J.", 
 title="CopyStyler : Web design by example", 
 school="Massachusetts Institute of Technology", 
 year="2008"
}
@inproceedings{unravel_Hibschman_UIST_2015,
 author = {Hibschman, Joshua and Zhang, Haoqi},
 title = {Unravel: Rapid Web Application Reverse Engineering via Interaction Recording, Source Tracing, and Library Detection},
 booktitle = {Proceedings of the 28th Annual ACM Symposium on User Interface Software \&\#38; Technology},
 series = {UIST '15},
 year = {2015},
 isbn = {978-1-4503-3779-3},
 location = {Charlotte, NC, USA},
 pages = {270--279},
 numpages = {10},
 url = {http://doi.acm.org/10.1145/2807442.2807468},
 doi = {10.1145/2807442.2807468},
 acmid = {2807468},
 publisher = {ACM},
 address = {New York, NY, USA},
 keywords = {inspecting, recording, reverse engineering, tracing, unravel, web applications},
} 

@inproceedings{java_whyline_Ko_CHI_2009,
 author = {Ko, Andrew J. and Myers, Brad A.},
 title = {Finding Causes of Program Output with the Java Whyline},
 booktitle = {Proceedings of the SIGCHI Conference on Human Factors in Computing Systems},
 series = {CHI '09},
 year = {2009},
 isbn = {978-1-60558-246-7},
 location = {Boston, MA, USA},
 pages = {1569--1578},
 numpages = {10},
 url = {http://doi.acm.org/10.1145/1518701.1518942},
 doi = {10.1145/1518701.1518942},
 acmid = {1518942},
 publisher = {ACM},
 address = {New York, NY, USA},
 keywords = {debugging, instrumentation, slicing, whyline},
} 

@InProceedings{script_insight_li_ICWE_2009,
author="Li, Peng
and Wohlstadter, Eric",
editor="Gaedke, Martin
and Grossniklaus, Michael
and D{\'i}az, Oscar",
title="Script InSight: Using Models to Explore JavaScript Code from the Browser View",
booktitle="Web Engineering",
year="2009",
publisher="Springer Berlin Heidelberg",
address="Berlin, Heidelberg",
pages="260--274",
isbn="978-3-642-02818-2"
}


@inproceedings{telescope_Hibschman_UIST_2016,
 author = {Hibschman, Joshua and Zhang, Haoqi},
 title = {Telescope: Fine-Tuned Discovery of Interactive Web UI Feature Implementation},
 booktitle = {Proceedings of the 29th Annual Symposium on User Interface Software and Technology},
 series = {UIST '16},
 year = {2016},
 isbn = {978-1-4503-4189-9},
 location = {Tokyo, Japan},
 pages = {233--245},
 numpages = {13},
 url = {http://doi.acm.org/10.1145/2984511.2984570},
 doi = {10.1145/2984511.2984570},
 acmid = {2984570},
 publisher = {ACM},
 address = {New York, NY, USA},
 keywords = {inspecting, javascript, reverse engineering, tracing, web},
} 

@MISC{Head_tutorons_generating_sketchy_no_conf_no_year,
    author = {Andrew Head and Marti A. Hearst},
    title = {Tutorons: Generating Context-Relevant, On-Demand Explanations and Demonstrations of Online Code},
    year = {}
}

@inproceedings{cracking_cocoa_nut_Eagan_UIST_2011,
 author = {Eagan, James R. and Beaudouin-Lafon, Michel and Mackay, Wendy E.},
 title = {Cracking the Cocoa Nut: User Interface Programming at Runtime},
 booktitle = {Proceedings of the 24th Annual ACM Symposium on User Interface Software and Technology},
 series = {UIST '11},
 year = {2011},
 isbn = {978-1-4503-0716-1},
 location = {Santa Barbara, California, USA},
 pages = {225--234},
 numpages = {10},
 url = {http://doi.acm.org/10.1145/2047196.2047226},
 doi = {10.1145/2047196.2047226},
 acmid = {2047226},
 publisher = {ACM},
 address = {New York, NY, USA},
 keywords = {meta-toolkits, runtime software development, runtime toolkit overloading, user interfaces},
} 

@inproceedings{extracting_client_side_web_app_code_Maras_WWW_2012,
 author = {Maras, Josip and Carlson, Jan and Crnkovi, Ivica},
 title = {Extracting Client-side Web Application Code},
 booktitle = {Proceedings of the 21st International Conference on World Wide Web},
 series = {WWW '12},
 year = {2012},
 isbn = {978-1-4503-1229-5},
 location = {Lyon, France},
 pages = {819--828},
 numpages = {10},
 url = {http://doi.acm.org/10.1145/2187836.2187947},
 doi = {10.1145/2187836.2187947},
 acmid = {2187947},
 publisher = {ACM},
 address = {New York, NY, USA},
 keywords = {code extraction, reuse, slicing, web applications},
} 

@inproceedings{assieme_web_search_for_programmers_Hoffmann_UIST_2007,
 author = {Hoffmann, Raphael and Fogarty, James and Weld, Daniel S.},
 title = {Assieme: Finding and Leveraging Implicit References in a Web Search Interface for Programmers},
 booktitle = {Proceedings of the 20th Annual ACM Symposium on User Interface Software and Technology},
 series = {UIST '07},
 year = {2007},
 isbn = {978-1-59593-679-0},
 location = {Newport, Rhode Island, USA},
 pages = {13--22},
 numpages = {10},
 url = {http://doi.acm.org/10.1145/1294211.1294216},
 doi = {10.1145/1294211.1294216},
 acmid = {1294216},
 publisher = {ACM},
 address = {New York, NY, USA},
 keywords = {implicit references, web search interfaces},
} 

@INPROCEEDINGS{exploring_novice_programmer_example_use_ichinco_iee_2015, 
author={M. Ichinco and C. Kelleher}, 
booktitle={2015 IEEE Symposium on Visual Languages and Human-Centric Computing (VL/HCC)}, 
title={Exploring novice programmer example use}, 
year={2015}, 
volume={}, 
number={}, 
pages={63-71}, 
keywords={human factors;software reusability;source code (software);code reuse;novice programmer code example use;programming tasks;realization point;task behavior types;user programming behaviors;Programming profession;code examples;code reuse;novice programming}, 
doi={10.1109/VLHCC.2015.7357199}, 
ISSN={}, 
month={Oct},}

@inproceedings{getting_inspired_designs_in_creativity_Herring_CHI_2009,
 author = {Herring, Scarlett R. and Chang, Chia-Chen and Krantzler, Jesse and Bailey, Brian P.},
 title = {Getting Inspired!: Understanding How and Why Examples Are Used in Creative Design Practice},
 booktitle = {Proceedings of the SIGCHI Conference on Human Factors in Computing Systems},
 series = {CHI '09},
 year = {2009},
 isbn = {978-1-60558-246-7},
 location = {Boston, MA, USA},
 pages = {87--96},
 numpages = {10},
 url = {http://doi.acm.org/10.1145/1518701.1518717},
 doi = {10.1145/1518701.1518717},
 acmid = {1518717},
 publisher = {ACM},
 address = {New York, NY, USA},
 keywords = {case-based design, design, examples, graphic design, industrial design, product design, web design},
} 

@MISC{rehearse_helping_programmers_adapt_examples_Brandt_ples_CSTR,
 author = {Joel Branndt Vignan Pattamatta and William Choi and Ben Hsieh and Scott R. Klemmer},
 title = {Rehearse: Helping Programmers Adapt Examples by Visualizing Execution and Highlighting Related Code},
 year = {}
}

@inproceedings {retrieving_websites_with_sketches_example_based_design_hashimoto_igarashi_EUROGRAPHICS_EWSBIM_2005,
booktitle = {Eurographics Workshop on Sketch-Based Interfaces and Modeling},
editor = {Joaquim Armando Pires Jorge and Takeo Igarashi},
title = {{Retrieving Web Page Layouts using Sketches to Support Example-based Web Design}},
author = {Hashimoto, Yasunari and Igarashi, Takeo},
year = {2005},
publisher = {The Eurographics Association},
ISSN = {1812-3503},
ISBN = {3-905673-30-4},
DOI = {10.2312/SBM/SBM05/155-164}
}

@inproceedings{compiling_mockups_to_flexible_UIs_Sinha_ESEC-FSE_2013,
 author = {Sinha, Nishant and Karim, Rezwana},
 title = {Compiling Mockups to Flexible UIs},
 booktitle = {Proceedings of the 2013 9th Joint Meeting on Foundations of Software Engineering},
 series = {ESEC/FSE 2013},
 year = {2013},
 isbn = {978-1-4503-2237-9},
 location = {Saint Petersburg, Russia},
 pages = {312--322},
 numpages = {11},
 url = {http://doi.acm.org/10.1145/2491411.2491427},
 doi = {10.1145/2491411.2491427},
 acmid = {2491427},
 publisher = {ACM},
 address = {New York, NY, USA},
 keywords = {CSS, HTML, Layout inference, Mockup-based design},
} 

@inproceedings{dinah_non_programmers_coding_Gross_CHI_2011,
 author = {Gross, Paul and Yang, Jennifer and Kelleher, Caitlin},
 title = {Dinah: An Interface to Assist Non-programmers with Selecting Program Code Causing Graphical Output},
 booktitle = {Proceedings of the SIGCHI Conference on Human Factors in Computing Systems},
 series = {CHI '11},
 year = {2011},
 isbn = {978-1-4503-0228-9},
 location = {Vancouver, BC, Canada},
 pages = {3397--3400},
 numpages = {4},
 url = {http://doi.acm.org/10.1145/1978942.1979448},
 doi = {10.1145/1978942.1979448},
 acmid = {1979448},
 publisher = {ACM},
 address = {New York, NY, USA},
 keywords = {Dinah, end-user, localization, looking glass, navigation, non-programmer, search, selection, storytelling alice},
} 

@inproceedings{volume_evolution_web_templates_Gibson_IW3C2_2005,
 author = {Gibson, David and Punera, Kunal and Tomkins, Andrew},
 title = {The Volume and Evolution of Web Page Templates},
 booktitle = {Special Interest Tracks and Posters of the 14th International Conference on World Wide Web},
 series = {WWW '05},
 year = {2005},
 isbn = {1-59593-051-5},
 location = {Chiba, Japan},
 pages = {830--839},
 numpages = {10},
 url = {http://doi.acm.org/10.1145/1062745.1062763},
 doi = {10.1145/1062745.1062763},
 acmid = {1062763},
 publisher = {ACM},
 address = {New York, NY, USA},
 keywords = {algorithms, boilerplate, data cleaning, data mining, templates, web mining},
} 

@inproceedings{bricolage_Kumar_CHI_2011,
 author = {Kumar, Ranjitha and Talton, Jerry O. and Ahmad, Salman and Klemmer, Scott R.},
 title = {Bricolage: Example-based Retargeting for Web Design},
 booktitle = {Proceedings of the SIGCHI Conference on Human Factors in Computing Systems},
 series = {CHI '11},
 year = {2011},
 isbn = {978-1-4503-0228-9},
 location = {Vancouver, BC, Canada},
 pages = {2197--2206},
 numpages = {10},
 url = {http://doi.acm.org/10.1145/1978942.1979262},
 doi = {10.1145/1978942.1979262},
 acmid = {1979262},
 publisher = {ACM},
 address = {New York, NY, USA},
 keywords = {examples, retargeting, structured prediction, web design},
} 

@article{digital_whiteboards_moore_medium_2017,
title={InVision Freehand: A 21st Century Case for Digital Whiteboards},
 url={https://medium.com/ux-power-tools/invision-freehand-digital-whiteboarding-bf83639c1184},
 journal={Medium}, 
 author={Moore, Jon},
 year={2017},
 month={Aug}
}
